@ARTICLE{Hu2022,
       author = {{Hu}, Jinghan Alina and {Rawls}, Meredith L. and {Yoachim}, Peter and {Ivezi{\'c}}, {\v{Z}}eljko},
        title = "{Satellite Constellation Avoidance with the Rubin Observatory Legacy Survey of Space and Time}",
      journal = {\apjl},
     keywords = {Light pollution, Sky surveys, Artificial satellites, Ground-based astronomy, 2318, 1464, 68, 686},
         year = 2022,
        month = dec,
       volume = {941},
       number = {1},
          eid = {L15},
        pages = {L15},
          doi = {10.3847/2041-8213/aca592},
       adsurl = {https://ui.adsabs.harvard.edu/abs/2022ApJ...941L..15H},
      adsnote = {Provided by the SAO/NASA Astrophysics Data System}
}

